%! Author = gianfluetsch
%! Date = 24.06.2022

